@inproceedings{hfluid,
  author       = {Nuttapong Chentanez and
                  Matthias M{\"{u}}ller},
  editor       = {Zoran Popovic and
                  Miguel A. Otaduy},
  title        = {Real-time Simulation of Large Bodies of Water with Small Scale Details},
  booktitle    = {Proceedings of the 2010 Eurographics/ACM {SIGGRAPH} Symposium on Computer
                  Animation, {SCA} 2010, Madrid, Spain, 2010},
  pages        = {197--206},
  publisher    = {Eurographics Association},
  year         = {2010},
  url          = {https://doi.org/10.2312/SCA/SCA10/197-206},
  doi          = {10.2312/SCA/SCA10/197-206},
  timestamp    = {Fri, 26 May 2017 00:48:17 +0200},
  biburl       = {https://dblp.org/rec/conf/sca/ChentanezM10.bib},
  bibsource    = {dblp computer science bibliography, https://dblp.org}
}

@book{LearnOpenGL,
    title={Learn OpenGL}, 
    publisher={Kendall \& Welling}, 
    year={2020}, 
    url = {https://learnopengl.com/book/book_pdf.pdf},
    author = {Joey de Vries},
}

@inbook{LearnOpenGL:Ch5, 
    crossref = {LearnOpenGL},
    title = {Hello Triangle},
    chapter = {5},
    pages={26–41},
} 

@inbook{LearnOpenGL:Ch24, 
    crossref = {LearnOpenGL},
    title = {Blending},
    chapter = {24},
    pages={190–295},
} 

@unpublished{lec:waves,
  Institution = {University of Waterloo},
  Howpublished = {University of Waterloo},
  note = {CS 488/688},
  month = {Spring},
  year = {2025},
  Title = {Lecture 13: Waves},
  author = {},
}

@unpublished{lec:particles,
  Institution = {University of Waterloo},
  Howpublished = {University of Waterloo},
  note = {CS 488/688},
  month = {Spring},
  year = {2025},
  Title = {Lecture 12: Particles},
  author = {},
}
